@online{Gartner,
	title        = {Internet of Things (IoT) and non-IoT active device connections worldwide from 2010 to 2025},
	author       = {Gartner},
	year         = 2022,
	url          = {https://www.statista.com/statistics/1101442/iot-number-of-connected-devices-worldwide/}
}
@ARTICLE{IOTSecurity1,
  author={Hassija, Vikas and Chamola, Vinay and Saxena, Vikas and Jain, Divyansh and Goyal, Pranav and Sikdar, Biplab},
  journal={IEEE Access}, 
  title={A Survey on IoT Security: Application Areas, Security Threats, and Solution Architectures}, 
  year={2019},
  volume={7},
  number={},
  pages={82721-82743},
  doi={10.1109/ACCESS.2019.2924045}}

@article{IOTSecurity2,
  title={Demystifying IoT security: An exhaustive survey on IoT vulnerabilities and a first empirical look on Internet-scale IoT exploitations},
  author={Neshenko, Nataliia and Bou-Harb, Elias and Crichigno, Jorge and Kaddoum, Georges and Ghani, Nasir},
  journal={IEEE Communications Surveys \& Tutorials},
  volume={21},
  number={3},
  pages={2702--2733},
  year={2019},
  publisher={IEEE}
}

@misc{ConfidentialComputing2022,
  title={Common Terminology for Confidential Computing},
  author={{Confidential Computing Consortium}},
  year={2022}
}

@article{surveyonTEE,
author = {Muñoz, Antonio and Rios, Ruben and Roman, Rodrigo and Lopez, Javier},
year = {2023},
month = {03},
pages = {103180},
title = {A survey on the (in)security of Trusted Execution Environments},
volume = {129},
journal = {Computers \& Security},
doi = {10.1016/j.cose.2023.103180}
}

@article{DemystifyingAT,
author = {Pinto, Sandro and Santos, Nuno},
title = {Demystifying Arm TrustZone: A Comprehensive Survey},
year = {2019},
issue_date = {November 2019},
journal={ACM Computing Surveys (CSUR)},
volume = {51},
pages={1 - 36},
number = {6},
issn = {0360-0300},
url = {https://doi.org/10.1145/3291047},
doi = {10.1145/3291047},
}

@article{surveyonSGXsecurity,
  author    = {Shufan Fei and Zheng Yan and Wenxiu Ding and Haomeng Xie},
  title     = {Security Vulnerabilities of SGX and Countermeasures: A Survey},
  journal   = {ACM Computing Surveys},
  volume    = {54},
  number    = {6},
  year      = {2021},
  pages     = {126},
  month     = {July},
  doi       = {10.1145/3456631},
}

@phdthesis{vanbulckphdthesis,
  author    = {Jo Van Bulck},
  title     = {Microarchitectural Side-Channel Attacks for Privileged Software Adversaries},
  school    = {KU Leuven},
  year      = {2020},
  address   = {Belgium},
}

@inproceedings{TrustVisor,
  author    = {McCune, Jonathan M. and Li, Yanlin and Qu, Ning and Zhou, Zongwei and Datta, Anupam and Gligor, Virgil D. and Perrig, Adrian},
  title     = {TrustVisor: Efficient {TCB} Reduction and Attestation},
  booktitle = {31st IEEE Symposium on Security and Privacy (S\&P)},
  year      = {2010},
  pages     = {143--158},
}

@article{sancus,
  author    = {Noorman, Jo and Van Bulck, Jo and Mühlberg, Jan Tobias and Piessens, Frank and Maene, Peter and Preneel, Bart and Verbauwhede, Ingrid and Götzfried, Johannes and Müller, Tim and Freiling, Felix},
  title     = {Sancus 2.0: A Low-Cost Security Architecture for IoT Devices},
  journal   = {ACM Transactions on Privacy and Security},
  volume    = {20},
  number    = {3},
  year      = {2017},
  pages     = {1--33},
}

@inproceedings{raoul,
  author    = {Strackx, Raoul and Piessens, Frank and Preneel, Bart},
  title     = {Efficient Isolation of Trusted Subsystems in Embedded Systems},
  booktitle = {Security and Privacy in Communication Networks},
  year      = {2010},
  pages     = {344--361},
}

@inproceedings{Sanctum,
  author    = {Costan, Victor and Lebedev, Ilia and Devadas, Srinivas},
  title     = {Sanctum: Minimal Hardware Extensions for Strong Software Isolation},
  booktitle = {25th USENIX Security Symposium},
  year      = {2016},
  pages     = {857--874},
}

@inproceedings{InkTag,
  author    = {Hofmann, Owen S. and Kim, Sangman and Dunn, Alan M. and Lee, Michael Z. and Witchel, Emmett},
  title     = {InkTag: Secure Applications on an Untrusted Operating System},
  booktitle = {18th ACM International Conference on Architectural Support for Programming Languages and Operating Systems (ASPLOS)},
  year      = {2013},
  pages     = {265--278},
}

@article{TZ,
  author    = {Alves, Tiago and Felton, Dave},
  title     = {TrustZone: Integrated Hardware and Software Security},
  journal   = {Tech. In-Depth},
  volume    = {3},
  number    = {4},
  year      = {2004},
  pages     = {18--24},
}

@manual{TZM,
  author       = {{Arm Ltd.}},
  title        = {TrustZone Technology for ARMv8-M Architecture},
  year         = {2017},
  organization = {Arm Ltd.},
  note         = {Version 2.0},
}

@inproceedings{sgx,
  author    = {McKeen, Frank and Alexandrovich, Ilya and Berenzon, Alexandre and Rozas, Carlos V. and Shafi, Hassan and Shanbhogue, Vivek and Savagaonkar, Umesh R.},
  title     = {Innovative Instructions and Software Model for Isolated Execution},
  booktitle = {2nd ACM International Workshop on Hardware and Architectural Support for Security and Privacy (HASP)},
  year      = {2013},
}

@misc{AMD,
  author      = {{AMD}},
  title       = {{AMD SEV-SNP: Strengthening VM Isolation with Integrity Protection and More}},
  howpublished = {White Paper},
  month       = {Jan.},
  year        = {2020},
}

@inproceedings{Keystone,
  author    = {Lee, Donghyun and Kohlbrenner, David and Shinde, Satish and Asanovic, Krste and Song, Dawn},
  title     = {Keystone: An Open Framework for Architecting Trusted Execution Environments},
  booktitle = {15th European Conference on Computer Systems (EuroSys)},
  year      = {2020},
  pages     = {1--16},
}

@INPROCEEDINGS{TZArchitecture,
author={Ngabonziza, Bernard and Martin, Daniel and Bailey, Anna and Cho, Haehyun and Martin, Sarah},
booktitle={2016 IEEE 2nd International Conference on Collaboration and Internet Computing (CIC)}, 
title={TrustZone Explained: Architectural Features and Use Cases}, 
year={2016},
pages={445-451},
doi={10.1109/CIC.2016.065}
}

@misc{TZA,
  author    = {{Arm Ltd.}},
  title     = {{ARM Security Technology: Building a Secure System using TrustZone Technology}},
  year      = {2009},
  url       = {URL_of_the_document}
}

@inproceedings{Mobile1,
  author    = {K. Kostiainen and J. Ekberg and N. Asokan and A. Rantala},
  title     = {On-board credentials with open provisioning},
  booktitle = {Proceedings of the Symposium on Information, Computer, and Communications Security},
  year      = {2009},
  pages     = {104--115},
  organization = {ACM},
  doi       = {10.1145/1533057.1533074},
}

@inproceedings{Mobile2,
  author    = {H. Sun and K. Sun and Y. Wang and J. Jing and H. Wang},
  title     = {TrustICE: Hardware-assisted isolated computing environments on mobile devices},
  booktitle = {Proceedings of the IEEE/IFIP International Conference on Dependable Systems and Networks},
  year      = {2015},
  pages     = {367--378},
  organization = {IEEE Computer Society},
  doi       = {10.1109/DSN.2015.11},
}

@online{SamsungKnox,
  author = {{Samsung}},
  title = {White Paper: An Overview of {Samsung KNOX}},
  year = {2013},
  url = {http://www.samsung.com/es/business-images/resource/white-paper/2014/02/Samsung_KNOX_whitepaper-0.pdf},
}

@online{AndroidKeyStore,
  author = {{Android}},
  title = {Android Key Store},
  year = {2018},
  url = {https://developer.android.com/training/articles/keystore.html},
}

@inproceedings{secureboot,
  author = {Dietrich, K. and Winter, J.},
  title = {Implementation Aspects of Mobile and Embedded Trusted Computing},
  booktitle = {Trusted Computing. Trust 2009},
  editor = {Chen, L. and Mitchell, C.J. and Martin, A.},
  year = {2009},
  publisher = {Springer},
  series = {Lecture Notes in Computer Science},
  volume = {5471},
  pages = {3--16},
  doi = {10.1007/978-3-642-00587-9_3},
  url = {https://doi.org/10.1007/978-3-642-00587-9_3},
}

@inproceedings{secureIO,
  author = {Wenhao Li and Mingyang Ma and Jinchen Han and Yubin Xia and Binyu Zang and Cheng-Kang Chu and Tieyan Li},
  title = {Building Trusted Path on Untrusted Device Drivers for Mobile Devices},
  booktitle = {Proceedings of the 5th Asia-Pacific Workshop on Systems},
  year = {2014},
  pages = {1--7},
  doi = {10.1145/2637166.2637225},
  url = {https://doi.org/10.1145/2637166.2637225},
}

@INPROCEEDINGS{secureAC,
  author={Shin, Jaebok and Kim, Yungu and Park, Wooram and Park, Chanik},
  booktitle={4th IEEE International Conference on Cloud Computing Technology and Science Proceedings}, 
  title={DFCloud: A TPM-based secure data access control method of cloud storage in mobile devices}, 
  year={2012},
  volume={},
  number={},
  pages={551-556},
  doi={10.1109/CloudCom.2012.6427606}
}

@inproceedings{twofactorAuthentication,
  author = {Van Rijswijk, R.M. and Poll, E.},
  title = {Using Trusted Execution Environments in Two-Factor Authentication: Comparing Approaches},
  booktitle = {Proceedings of the Open Identity Summit 2013},
  address = {Bonn, Germany},
  month = {September},
  year = {2013},
}

@inproceedings{TZIOT1,
author = {Guan, Le and Liu, Peng and Xing, Xinyu and Ge, Xinyang and Zhang, Shengzhi and Yu, Meng and Jaeger, Trent},
year = {2017},
month = {06},
pages = {488-501},
title = {TrustShadow: Secure Execution of Unmodified Applications with ARM TrustZone},
doi = {10.1145/3081333.3081349}
}

@inproceedings{TZIOT2,
author = {Bonnet, Philippe and González, Javier},
year = {2013},
month = {11},
title = {Towards an Open Framework Leveraging a Trusted Execution Environment},
volume = {8300},
isbn = {978-3-319-03583-3},
doi = {10.1007/978-3-319-03584-0_35}
}
@INPROCEEDINGS{TZSec,
  author={Cerdeira, David and Santos, Nuno and Fonseca, Pedro and Pinto, Sandro},
  booktitle={2020 IEEE Symposium on Security and Privacy (SP)}, 
  title={SoK: Understanding the Prevailing Security Vulnerabilities in TrustZone-assisted TEE Systems}, 
  year={2020},
  volume={},
  number={},
  pages={1416-1432},
  doi={10.1109/SP40000.2020.00061}
}

@online{beniamini2015,
  author    = {Beniamini, Gal},
  title     = {Full TrustZone Exploit for MSM8974},
  year      = {2015},
  month     = {aug},
  url       = {https://bits-please.blogspot.com/2015/08/full-trustzone-exploit-for-msm8974.html},
  note      = {(accessed on 4 January 2021)}
}

@online{beniamini2016,
  author    = {Beniamini, Gal},
  title     = {TrustZone Kernel Privilege Escalation (CVE-2016-2431)},
  year      = {2016},
  month     = may,
  url       = {https://bits-please.blogspot.com/2016/06/trustzone-kernel-privilege-escalation.html}
}

@online{beniamini2016keymaster,
  author    = {Beniamini, Gal},
  title     = {Extracting Qualcomm’s KeyMaster Keys—Breaking Android Full Disk Encryption},
  year      = {2016},
  url       = {https://bits-please.blogspot.com/2016/06/extracting-qualcomms-keymaster-keys.html}
}

@online{beniamini2016hijack,
  author    = {Beniamini, Gal},
  title     = {Extracting Qualcomm's KeyMaster Keys - Breaking Android Full Disk Encryption},
  year      = {2016},
  url       = {https://bits-please.blogspot.com/2016/06/extracting-qualcomms-keymaster-keys.html}
}
@online{trustnone,
  author    = {Beaupre, Steve},
  title     = {TRUSTNONE},
  year      = {2015},
  url       = {http://theroot.ninja/disclosures/TRUSTNONE_1.0-11282015.pdf}
}

@inproceedings{boomerang,
  author    = {Aravind Machiry and Eric Gustafson and Charles Spensky and Cynthia Salls and Nick Stephens and Ruoyu Wang and Alessandro Bianchi and Yeongjin Jang and Christopher Kruegel and Giovanni Vigna},
  title     = {BOOMERANG: Exploiting the Semantic Gap in Trusted Execution Environments},
  booktitle = {Proceedings of the Network and Distributed System Security Symposium (NDSS)},
  year      = {2017},
  month     = {February 26--March 1},
  address   = {San Diego, CA, USA},
}

@article{downgrade,
  author    = {Yan Chen and Yang Zhang and Zhaofei Wang and Tao Wei},
  title     = {Downgrade Attack on TrustZone},
  journal   = {arXiv preprint arXiv:1707.05082},
  year      = {2017},
}

@article{timingattack,
  author    = {Qian Ge and Yuval Yarom and David Cock and Gernot Heiser},
  title     = {A survey of microarchitectural timing attacks and countermeasures on contemporary hardware},
  journal   = {Journal of Cryptographic Engineering},
  volume    = {8},
  number    = {1},
  year      = {2018},
  pages     = {1--27},
  doi       = {10.1007/s13389-016-0141-6},
}
@inproceedings{powerconsumption,
  title={PLATYPUS: Software-based power side-channel attacks on x86},
  author={Lipp, Moritz and Kogler, Andreas and Oswald, David and Schwarz, Michael and Easdon, Catherine and Canella, Claudio and Gruss, Daniel},
  booktitle={2021 IEEE Symposium on Security and Privacy (SP)},
  pages={355--371},
  year={2021},
  organization={IEEE}
}

@INPROCEEDINGS{Electromagnetic,
  author={Maistri, P. and Leveugle, R. and Bossuet, L. and Aubert, A. and Fischer, V. and Robisson, B. and Moro, N. and Maurine, P. and Dutertre, J.-M. and Lisart, M.},
  booktitle={2014 22nd International Conference on Very Large Scale Integration (VLSI-SoC)}, 
  title={Electromagnetic analysis and fault injection onto secure circuits}, 
  year={2014},
  volume={},
  number={},
  pages={1-6},
  keywords={Circuit faults;Clocks;Electromagnetics;Cryptography;Generators;Probes;Harmonic analysis;Secure implementations;Side Channel Analysis;Fault Attacks;EM},
  doi={10.1109/VLSI-SoC.2014.7004182}
}

@inproceedings{acoustic,
  author    = {D. Genkin and A. Shamir and E. Tromer},
  title     = {RSA Key Extraction via Low-Bandwidth Acoustic Cryptanalysis},
  booktitle = {CRYPTO'14},
  year      = {2014},
  pages     = {444--461},
  publisher = {Springer}
}
@inproceedings{brumley2011remote,
  author    = {Brumley, B. B. and Tuveri, N.},
  title     = {Remote Timing Attacks Are Still Practical},
  booktitle = {ESORICS},
  year      = {2011},
  pages     = {355--371},
}

@inproceedings{Cache1,
  author    = {Osvik, Dag Arne and Shamir, Adi and Tromer, Eran},
  title     = {Cache Attacks and Countermeasures: The Case of {AES}},
  booktitle = {Cryptographers’ Track at the RSA Conference},
  year      = {2006},
  pages     = {1--20},
}

@inproceedings{flushandflush,
  author    = {Gruss, Daniel and Maurice, Clémentine and Wagner, Konrad and Mangard, Stefan},
  title     = {Flush+Flush: A Fast and Stealthy Cache Attack},
  booktitle = {13th Conference on Detection of Intrusions and Malware, and Vulnerability Assessment (DIMVA)},
  year      = {2016},
}

@inproceedings{cache2,
  author    = {Gruss, Daniel and Spreitzer, Raphael and Mangard, Stefan},
  title     = {Cache Template Attacks: Automating Attacks on Inclusive Last-Level Caches},
  booktitle = {24nd USENIX Security Symposium},
  year      = {2015},
  pages     = {897--912},
}

@inproceedings{flushandreload,
  author    = {Yarom, Yuval and Falkner, Katrina},
  title     = {Flush+Reload: A High Resolution, Low Noise, L3 Cache Side-Channel Attack},
  booktitle = {23rd USENIX Security Symposium},
  year      = {2014},
  pages     = {719--732},
}
\@inproceedings{primeandprobe,
  author    = {Schwarz, Michael and Weiser, Stefan and Gruss, Daniel and Maurice, Clémentine and Mangard, Stefan},
  title     = {Malware Guard Extension: Using SGX to Conceal Cache Attacks},
  booktitle = {14th Conference on Detection of Intrusions and Malware, and Vulnerability Assessment (DIMVA)},
  year      = {2017},
}

@inproceedings{cache3,
  author    = {Maurice, Clémentine and Weber, Manuel and Schwarz, Michael and Giner, Lucas and Gruss, Daniel and Boano, Carlo Alberto and Mangard, Stefan and Römer, Kay},
  title     = {Hello from the Other Side: SSH over Robust Cache Covert Channels in the Cloud},
  booktitle = {24th Annual Network and Distributed System Security Symposium (NDSS)},
  year      = {2017},
  pages     = {8--11},
}

@inproceedings{meltdown,
  author    = {Lipp, Moritz and Schwarz, Michael and Gruss, Daniel and Prescher, Thomas and Haas, Werner and Fogh, Anders and Horn, Jann and Mangard, Stefan and Kocher, Paul and Genkin, Daniel and Yarom, Yuval and Hamburg, Mike},
  title     = {Meltdown: Reading Kernel Memory from User Space},
  booktitle = {Proceedings of the 27th USENIX Security Symposium},
  year      = {2018},
  url       = {insert_url_here},
}
@inproceedings{spectre,
  author    = {Kocher, Paul and Horn, Jann and Fogh, Anders and Genkin, Daniel and Gruss, Daniel and Haas, Werner and Hamburg, Mike and Lipp, Moritz and Mangard, Stefan and Prescher, Thomas and Schwarz, Michael and Yarom, Yuval},
  title     = {Spectre Attacks: Exploiting Speculative Execution},
  booktitle = {Proceedings of the 40th IEEE Symposium on Security and
Privacy (S\&P)},
  year      = {2019},
  url       = {insert_url_here},
}

@inproceedings{foreshadow,
  author    = {Van Bulck, Jo and Minkin, Michael and Weisse, Oleksandr and Genkin, Daniel and Kasikci, Baris and Piessens, Frank and Silberstein, Mark and Wenisch, Thomas F. and Yarom, Yuval and Strackx, Raoul},
  title     = {Foreshadow: Extracting the Keys to the Intel SGX Kingdom with Transient Out-of-Order Execution},
  booktitle = {Proceedings of the 27th USENIX Security Symposium},
  year      = {2018},
  month     = {August},
  pages     = {991--1008},
  url       = {insert_url_here},
}

@inproceedings{scfmsp,
  author    = {Sepideh Pouyanrad and Jan Tobias Mühlberg and Wouter Joosen},
  title     = {SCF MSP: Static Detection of Side Channels in MSP430 Programs},
  booktitle = {Proceedings of the 15th International Conference on Availability, Reliability and Security (ARES 2020)},
  year      = {2020},
  pages     = {1--10},
  doi       = {10.1145/3407023.3407050},
}

@article{authenticexecution,
  author    = {Gianluca Scopelliti and Sepideh Pouyanrad and Job Noorman and Fritz Alder and Christoph Baumann and Frank Piessens and Jan Mühlberg},
  title     = {End-to-End Security for Distributed Event-Driven Enclave Applications on Heterogeneous TEEs},
  journal   = {ACM Transactions on Privacy and Security},
  volume    = {26},
  year      = {2023},
  doi       = {10.1145/3592607},
}

@Article{Jude,
  author        = "Jude Angelo Ambrose and Roshan G. Ragel and Darshana Jayasinghe and Tuo Li and Sri Parameswaran ",
  title         = "Side channel attacks in embedded systems: A tale of hostilities and deterrence",
  journal       = "16th. International Symposium on Quality Electronic Design",
  volume        = "",
  number        = "",
  month         = April,
  year          = "2015",
  pages         = "452--459",
  publisher =    "IEEE",
  address =      "Santa Clara, CA",
  doi           = "10.1109/ISQED.2015.7085468",
  url           = " http://ieeexplore.ieee.org/stamp/stamp.jsp?tp=&arnumber=7085468&isnumber=7085355",
  note          = "",
}

@Article{Hezam,
  author        = "Hezam Akram Abdul-Ghani and Dimitri Konstantas and Mohammed Mahyoub",
  title         = "A Comprehensive IoT Attacks Survey based on a Building-blocked Reference Mode",
  journal       = "International Journal of Advanced Computer Science and Applications",
  volume        = "9",
  number        = "3",
  year          = "2018",
  doi           = "10.14569/IJACSA.2018.090349",
  note          = "",
}

@Article{Samuel,
  author        = "Samuel Tweneboah-Koduah and Knud Erik Skouby and Reza Tadayon",
  title         = " Cyber Security Threats to IoT Applications and Service Domains",
  journal       = "Wireless Personal Communications",
  volume        = "95",
  number        = "1",
  year          = "2017",
  month     =  July,
  pages =  "169--185",
  publisher =    "Springer US",
  doi           = "10.1007/s11277-017-4434-6",
  url            = "https://doi.org/10.1007/s11277-017-4434-6"
}
@Article{Qian,
  author        = "Qian Ge and Yuval Yarom and David Cock and Gernot Heiser",
  title         = " A survey of microarchitectural timing attacks and countermeasures on contemporary hardware",
  journal       = "Journal of Cryptographic Engineering",
  volume        = "8",
  number        = "1",
  year          = "2018",
  pages =  "1--27",
  publisher =    "Springer Berlin Heidelberg",
  doi           = "10.1007/s13389-016-0141-6",
  url            = "https://doi.org/10.1007/s13389-016-0141-6"
}

@InProceedings{Kocher96,
  author =       "Paul C. Kocher",
  year =         "1996",
  title =        "Timing Attacks on Implementations of Diffie-Hellman, RSA, DSS, and Other Systems",
  booktitle =    "Advances in Cryptology --- CRYPTO '96",
  editor="Koblitz, Neal",
 publisher="Springer Berlin Heidelberg",
 address="Berlin, Heidelberg",
  volume =       "1109",
  number =       "",
  pages =        "104--113",
  isbn = "978-3-540-68697-2",
  url = "https://doi.org/10.1007/3-540-68697-5_9",
  month =        "",
  organization = "",
  note =         "",
}

@InProceedings{Kocher99,
author="Paul Kocher and Joshua Jaffe and Benjamin Jun",
editor="Wiener, Michael",
title="Differential Power Analysis",
booktitle="Advances in Cryptology --- CRYPTO' 99",
year="1999",
publisher="Springer Berlin Heidelberg",
address="Berlin, Heidelberg",
pages="388--397",
isbn="978-3-540-48405-9",
url = "https://doi.org/10.1007/3-540-48405-1_25",
volume = "1666"
}

@InProceedings{MantelPower,
author="Heiko Mantel and Johannes Schickel and Alexandra Weber and Friedrich Weber",
editor="Javier Lopez and Jianying Zhou and Miguel Soriano",
title="How Secure Is Green IT? The Case of Software-Based Energy Side Channels",
booktitle="Proceedings of the 23rd European Symposium on Research in Computer Security (ESORICS)",
year="2018",
month     =  September,
publisher="Springer International Publishing",
address="Barcelona, Spain",
pages="218--239",
isbn="978-3-319-99073-6",
doi = "	10.1007/978-3-319-99073-6_11"
}

@inproceedings{Nemesis,
  title={Nemesis: Studying Microarchitectural Timing Leaks in Rudimentary CPU Interrupt Logic},
  author={Jo Van Bulck and Frank Piessens and Raoul Strackx},
  booktitle={CCS '18},
  year={2018}
}

@inproceedings{MantelAVR,
  title={AVR processors as a platform for language-based security},
  author={Florian Dewald and Heiko Mantel and Alexandra Weber},
  booktitle = {Computer Security – ESORICS 2017},
  pages={427--445},
  year={2017},
  organization={Springer},
  isbn = {978-3-319-66401-9},
  doi = {10.1007/978-3-319-66402-6_25}
}

@inProceedings{Travis,
  title= "Practical Attacks against the MSP 430 BSL",
  author = "Travis Goodspeed",
  year = "2008",
  booktitle = "Twenty- Fifth Chaos Communications Congress",
  month = "December",
  Address = "Berlin, Germany",
}

@InProceedings{Amir,
author="Amir Moradi and Gesine Hinterw{\"a}lder",
editor=" Stefan Mangard and  Axel Y. Poschmann",
title="Side-Channel Security Analysis of Ultra-Low-Power FRAM-Based MCUs",
booktitle="6th International Workshop on Constructive Side-Channel Analysis and Secure Design",
year="2015",
publisher="Springer International Publishing",
Volume = "9064",
address="Cham",
pages="239--254",
isbn="978-3-319-21475-4",
doi = "10.1007/978-3-319-21476-4_16",
}

@article{Gilles,
author = "Gilles Barthe and Tamara Rezk and Martijn Warnier",
year = "2006",
month = "May",
pages = "33-55",
title = "Preventing Timing Leaks Through Transactional Branching Instructions",
volume = "153",
journal = "Electronic Notes in Theoretical Computer Science",
doi = "10.1016/j.entcs.2005.10.031"
}

@INPROCEEDINGS{Agat,
    author = "Johan Agat",
    title = "Transforming out Timing Leaks",
    booktitle = "Proceeding of the 27th ACM Symposium on Principles of Programming Languages(POPL)",
    year = "2000",
    pages = "40--53",
    publisher = "ACM Press",
    doi = "10.1145/325694.325702",
}

@inproceedings{volpano,
  title = {Eliminating covert flows with minimum typings},
  author = {Dennis Volpano and Geoffrey Smith},
  booktitle = {Proceedings 10th Computer Security Foundations Workshop},
  pages = {156--168},
  year={1997},
  publisher={IEEE},
  doi={10.1109/CSFW.1997.596807},
  ISSN={1063-6900},
  month={June},
}

@article{Kopf,
  title={Transformational typing and unification for automatically correcting insecure programs},
  author={Boris K{\"o}pf and Heiko Mantel},
  journal={International Journal of Information Security},
  volume={6},
  number={2-3},
  pages={107--131},
  year={2007},
  publisher={Springer},
  doi = {10.1007/s10207-007-0016-z},
}

@inproceedings{mantel2015transforming,
  title={Transforming out timing leaks, more or less},
  author={Heiko Mantel and Artem Starostin},
  booktitle={Computer Security - ESORICS 2015},
  pages={447--467},
  year={2015},
  volume = {9326},
  publisher ={Springer},
}

@misc{msp430x1xx,
  title={Msp430x1xx family user’s guide},
  author={Texas Instruments},
  year={2006},
  publisher={SLAU049B},
  url = {http://www.ti.com/ lit/ug/slau049f/slau049f.pdf}
}

@article{zhang2015hardware,
  title={A hardware design language for timing-sensitive information-flow security},
  author={Danfeng Zhang and Yao Wang and Edward Suh and Andrew C. Myers},
  journal={Acm Sigplan Notices},
  volume={50},
  number={4},
  pages={503--516},
  year={2015},
  publisher={ACM New York, NY, USA}
}

@inproceedings{li2014sapper,
  title={Sapper: A language for hardware-level security policy enforcement},
  author={Xun Li and Vineeth Kashyap and Jason K Oberg and Mohit Tiwari and
Vasanth Ram Rajarathi-nam and Ryan Kastner and Timothy Sherwood and Ben
Hardekopf and Frederic T Chong},
  booktitle={Proceedings of the 19th international conference on Architectural support for programming languages and operating systems},
  pages={97--112},
  year={2014}
}

@inproceedings{barthe2014system,
  title={System-level non-interference for constant-time cryptography},
  author={Gilles Barthe and Gustavo Betarte and Juan Campo and Carlos Luna and David Pichardie},
  booktitle={Proceedings of the 2014 ACM SIGSAC Conference on Computer and Communications Security},
  pages={1267--1279},
  year={2014}
}



@article{cleemput2012compiler,
  title={Compiler mitigations for time attacks on modern x86 processors},
  author={Cleemput, Jeroen V and Coppens, Bart and De Sutter, Bjorn},
  journal={ACM Transactions on Architecture and Code Optimization (TACO)},
  volume={8},
  number={4},
  pages={1--20},
  year={2012},
  publisher={ACM}
}

@article{sabelfeld,
  title={Language-based information-flow security},
  author={Andrei Sabelfeld and Andrew C. Myers},
  journal={IEEE Journal on selected areas in communications},
  volume={21},
  number={1},
  pages={5--19},
  year={2003},
  publisher={IEEE},
}

@inproceedings{barthe2005non,
  title={Non-interference for a JVM-like language},
  author={Gilles Barthe and Tamara Rezk},
  booktitle={Proceedings of the 2005 ACM SIGPLAN international workshop on Types in languages design and implementation},
  pages={103--112},
  year={2005}
}

@misc{msp430convention,
  title={The MSP430 Embedded Application Binary Interface},
  author={Texas Instruments},
  year={2013},
  publisher={SLAU049B},
  url = {http://www.ti.com/lit/an/slaa534/slaa534.pdf}
}

@online{pyelftools,
  year  =        2011,
  Author   =        "pyelftools",
  title =        "pyelftools: Parsing ELF and DWARF in Python",
  url =          "https://github.com/eliben/pyelftools",
  lastaccessed = "5 Dec 2019",
}

@techreport{hagberg2008exploring,
  title={Exploring network structure, dynamics, and function using NetworkX},
  author={Aric Hagberg and Pieter Swart and Daniel S. Chult},
  year={2008},
  pages={11-15},
  journal = {Proceedings of the 7th Python in Science Conference (SciPy)},
  publisher = {Los Alamos National Lab., Los Alamos, US}
}

@inproceedings{van2017vulcan,
  title={VulCAN: Efficient component authentication and software isolation for automotive control networks},
  author={Jo Van Bulck and Jan Tobias M{\"u}hlberg and Frank Piessens},
  booktitle={Proceedings of the 33rd Annual Computer Security Applications Conference},
  pages={225--237},
  volume={Part F132521},
  year={2017},
  address={San Juan, Puerto Rico}
}    

@inproceedings{hans,
  author    = {Hans Winderix and Jan Tobias Mühlberg and Frank Piessens},
  title     = {Compiler-Assisted Hardening of Embedded Software Against Interrupt Latency Side-Channel Attacks},
  booktitle = {2021 IEEE European Symposium on Security and Privacy (EuroS\&P)},
  year      = {2021},
  pages     = {667--682},
  month     = sep,
  publisher = {IEEE},
  location  = {Virtual},
}

@inproceedings{almeida:2016-verifying,
  title={Verifying constant-time implementations},
  author={Almeida, Jos{\'e} Bacelar and Barbosa, Manuel and Barthe, Gilles and Dupressoir, Fran{\c{c}}ois and Emmi, Michael},
  booktitle={25th {USENIX} Security Symposium ({USENIX} Security 16)},
  pages={53--70},
  year={2016}
}

@inproceedings{barthe:2018-secure,
  title={Secure compilation of side-channel countermeasures: the case of cryptographic “constant-time”},
  author={Barthe, Gilles and Gr{\'e}goire, Benjamin and Laporte, Vincent},
  booktitle={2018 IEEE 31st Computer Security Foundations Symposium (CSF)},
  pages={328--343},
  year={2018},
  organization={IEEE}
}

@inproceedings{bernstein2012security,
  title={The security impact of a new cryptographic library},
  author={Bernstein, Daniel J and Lange, Tanja and Schwabe, Peter},
  booktitle={International Conference on Cryptology and Information Security in Latin America},
  pages={159--176},
  year={2012},
  organization={Springer}
}

@article{ge2018survey,
  title={A survey of microarchitectural timing attacks and countermeasures on contemporary hardware},
  author={Qian Ge and Yuval Yarom and David Cock and Gernot Heiser},
  journal={Journal of Cryptographic Engineering},
  volume={8},
  number={1},
  pages={1--27},
  year={2018},
  publisher={Springer}
}

@article{brumley2005remote,
  title={Remote timing attacks are practical},
  author={David Brumley and Dan Boneh},
  journal={Computer Networks},
  volume={48},
  number={5},
  pages={701--716},
  year={2005},
  publisher={Elsevier}
}
@article{bernstein2005cache,
  title={Cache-timing attacks on AES},
  author={ Daniel J. Bernstein},
  year={2005},
  url={http://cr.yp.to/antiforgery/cachetiming- 20050414.pdf},
  publisher={Technical report. Department of Mathematics, Statistics, and Computer Science, University of Illinois, Chicago}
}

@inproceedings{Onur,
author = {Onur Ac{\i}i{\c{c}}mez and {\c{C}}etin Ko{\c{c}} and Jean-Pierre Seifert},
booktitle={Cryptographers’ Track at the RSA Conference},
year = {2007},
month = {02},
pages = {225-242},
title = {Predicting Secret Keys Via Branch Prediction},
doi = {10.1007/11967668_15},
organization={Springer}
}

@inproceedings{volpano,
  title = {Eliminating covert flows with minimum typings},
  author = {Dennis Volpano and Geoffrey Smith},
  booktitle = {Proceedings 10th Computer Security Foundations Workshop},
  pages = {156--168},
  year={1997},
  publisher={IEEE},
  doi={10.1109/CSFW.1997.596807},
  ISSN={1063-6900},
  month={June},
}

@article{Gilles,
author = "Gilles Barthe and Tamara Rezk and Martijn Warnier",
year = "2006",
month = "May",
pages = "33-55",
title = "Preventing Timing Leaks Through Transactional Branching Instructions",
volume = "153",
journal = "Electronic Notes in Theoretical Computer Science",
doi = "10.1016/j.entcs.2005.10.031"
}

@article{doychev2015cacheaudit,
  title={Cacheaudit: A tool for the static analysis of cache side channels},
  author={Goran Doychev and Boris K{\"o}pf and Laurent Mauborgne and Jan Reineke},
  journal={ACM Transactions on Information and System Security (TISSEC)},
  volume={18},
  number={1},
  pages={1--32},
  year={2015},
  publisher={ACM New York, NY, USA}
}

@inproceedings{wichelmann2018microwalk,
  title={MicroWalk: A framework for finding side channels in binaries},
  author={Jan Wichelmann and Ahmad Moghimi and Thomas Eisenbarth and Berk Sunar},
  booktitle={Proceedings of the 34th Annual Computer Security Applications Conference},
  pages={161--173},
  year={2018}
}

@inproceedings{busted,
  author    = {Cristiano Rodrigues and Daniel Oliveira and Sandro Pinto},
  title     = {{BUSted!!! Microarchitectural Side-Channel Attacks on the MCU Bus Interconnect}},
  booktitle = {2024 IEEE Symposium on Security and Privacy (SP)},
  year      = {2024},
  address   = {San Francisco, CA, USA},
  organization = {IEEE},
}

@misc{arm_qualcomm,
  author    = {Darcy Travlos},
  title     = {{Arm Holdings and Qualcomm: The Winners in Mobile}},
  year      = {2013},
  url       = {http://www.forbes.com/sites/darcytravlos/2013/02/28/arm-holdings-and-qualcomm-the-winners-in-mobile/}
}

@inproceedings{returntononsecure,
  author    = {Z. Ma and X. Tan and L. Ziarek and N. Zhang and H. Hu and Z. Zhao},
  title     = {{Return-to-Non-Secure Vulnerabilities on ARM Cortex-M TrustZone: Attack and Defense}},
  booktitle = {2023 60th ACM/IEEE Design Automation Conference (DAC)},
  year      = {2023},
  pages     = {1-6},
  address   = {San Francisco, CA, USA},
  doi       = {10.1109/DAC56929.2023.10247972},
  organization = {IEEE},
}

@inproceedings{loadstep,
  author    = {Z. Kou and W. He and S. Sinha and W. Zhang},
  title     = {{Load-Step: A Precise TrustZone Execution Control Framework for Exploring New Side-channel Attacks Like Flush+Evict}},
  booktitle = {2021 58th ACM/IEEE Design Automation Conference (DAC)},
  year      = {2021},
  pages     = {979-984},
  address   = {San Francisco, CA, USA},
  doi       = {10.1109/DAC18074.2021.9586226},
  organization = {IEEE},
}

@article{truspy,
  author    = {N. Zhang and others},
  title     = {{TruSpy: Cache Side-channel Information Leakage from the Secure World on Arm Devices}},
  journal   = {Transactions on IACR Cryptology},
  year      = {2016},
}
@inproceedings{Bypassed,
  author    = {Bukasa, Sebanjila and Lashermes, Ronan and Bouder, Hélène and Lanet, Jean-Louis and Legay, Axel},
  title     = {{How TrustZone Could Be Bypassed: Side-Channel Attacks on a Modern System-on-Chip}},
  doi = {10.1007/978-3-319-93524-9_6},
  year      = {2018},
}
@inproceedings{Qualcomm,
  author    = {K. Ryan},
  title     = {{Hardware-Backed Heist: Extracting ECDSA Keys from Qualcomm’s TrustZone}},
  booktitle = {{Proc. of ACM CCS}},
  year      = {2019},
}

@misc{armdeveloper,
  author    = {{Arm Developer}},
  title     = {{Clarification of Timing Side Channel Attacks on TrustZone enabled Cortex}},
  year      = {Year},
  url       = {https://developer.arm.com/documentation/ka005578/latest},
  note      = {Accessed: \today},
}
@inproceedings{trustotp,
  author    = {H. Sun and K. Sun and Y. Wang and J. Jing},
  title     = {{Trust OTP: Transforming smartphones into secure one-time password tokens}},
  booktitle = {{Proceedings of the ACM SIGSAC Conference on Computer and Communications Security}},
  year      = {2015},
  pages     = {976–988},
  publisher = {ACM},
  doi       = {10.1145/2810103.2813692},
}

@inproceedings{binsec,
  author    = {Lesly-Ann Daniel and Sébastien Bardin and Tamara Rezk},
  title     = {{Binsec/Rel: Efficient Relational Symbolic Execution for Constant-Time at Binary Level}},
  booktitle = {{Proceedings of the conference where the paper was presented}},
  year      = {2019},
}

@misc{pitchfork,
  author    = {Craig Disselkoen},
  title     = {{Finding and Eliminating Timing Side-Channels in Crypto Code with Pitchfork}},
  year      = {2021}
}

@inproceedings{MLforSC,
  author    = {M. Mushtaq and others},
  title     = {{Machine Learning For Security: The Case of Side-Channel Attack Detection at Run-time}},
  booktitle = {{2018 25th IEEE International Conference on Electronics, Circuits and Systems (ICECS)}},
  year      = {2018},
  pages     = {485-488},
  address   = {Bordeaux, France},
  doi       = {10.1109/ICECS.2018.8617994},
  organization = {IEEE},
}

@inproceedings{storagechannel,
  author    = {Toby Murray and Daniel Matichuk and Matthew Brassil and Peter Gammie and Timothy Bourke and Sean Seefried and Corey Lewis and Xin Gao and Gerwin Klein},
  title     = {{seL4: From General Purpose to a Proof of Information Flow Enforcement}},
  booktitle = {{IEEE Symposium on Security and Privacy}},
  year      = {2013},
  pages     = {415–429},
  address   = {San Francisco, CA},
  month     = {May},
  organization = {IEEE},
}

@inproceedings{marton,
  author    = {Marton Bognar and Jo Van Bulck and Frank Piessens},
  title     = {{Mind the Gap: Studying the Insecurity of Provably Secure Embedded Trusted Execution Architectures}},
  booktitle = {{43rd IEEE Symposium on Security and Privacy (S\&P)}},
  pages     = {1638–1655},
  year      = {2022},
  organization = {IEEE},
}

@inproceedings{gross2019breaking,
  author    = {M. Gross and N. Jacob and A. Zankl and G. Sigl},
  title     = {{Breaking TrustZone Memory Isolation Through Malicious Hardware on a Modern FPGA-SoC}},
  booktitle = {{Proceedings of the 3rd ACM Workshop on Attacks and Solutions in Hardware Security Workshop}},
  year      = {2019},
  pages     = {3–12},
}

@article{oflynn2019ondevice,
  author    = {Colin O’Flynn and Alex Dewar},
  title     = {{On-Device Power Analysis Across Hardware Security Domains: Stop Hitting Yourself}},
  journal   = {{Journal of IACR Transactions on Cryptographic Hardware and Embedded Systems}},
  year      = {2019},
}

@article{barenghi2021cortexm,
  author    = {Alessandro Barenghi and others},
  title     = {{Exploring Cortex-M Microarchitectural Side Channel Information Leakage}},
  journal   = {{IEEE Access}},
  year      = {2021},
}
@article{gnad2019leakynoise,
  author    = {Dennis R. E. Gnad and Jonas Krautter and Mehdi B. Tahoori},
  title     = {{Leaky Noise: New Side-Channel Attack Vectors in Mixed-Signal IoT Devices}},
  journal   = {{Journal of IACR Transactions on Cryptographic Hardware and Embedded Systems}},
  year      = {2019},
}

@article{chiappetta2016realtime,
  author    = {M. Chiappetta and E. Savas and C. Yilmaz},
  title     = {{Real-time Detection of Cache-Based Side-Channel Attacks Using Hardware Performance Counters}},
  journal   = {{Applied Soft Computing}},
  volume    = {49},
  pages     = {1162–1174},
  month     = {Dec.},
  year      = {2016},
}
@inproceedings{allaf2017comparison,
  author    = {Z. Allaf and M. Adda and A. Gegov},
  title     = {{A Comparison Study on Flush+Reload and Prime+Probe Attacks on AES Using Machine Learning Approaches}},
  booktitle = {{UK Workshop on Computational Intelligence}},
  pages     = {203–213},
  year      = {2017},
}
@inproceedings{graa2017detection,
  author    = {Mariem Graa and Nora Cuppens-Boulahia and Frédéric Cuppens and Jean-Louis Lanet and Routa Moussaileb},
  title     = {{Detection of Side Channel Attacks Based on Data Tainting in Android Systems}},
  booktitle = {{Proceedings of the conference where the paper was presented}},
  pages     = {205-218},
  year      = {2017},
  doi       = {10.1007/978-3-319-58469-0_14},
}

@article{nilizadeh2018diffuzz,
  author    = {Shirin Nilizadeh and Yannic Noller and Corina Pasareanu},
  title     = {{DifFuzz: Differential Fuzzing for Side-Channel Analysis}},
  journal   = {{Proceedings of the conference or journal name}},
  year      = {2018},
}

@inproceedings{chen2017precise,
  author    = {Jia Chen and Yu Feng and Isil Dillig},
  title     = {{Precise Detection of Side-Channel Vulnerabilities using Quantitative Cartesian Hoare Logic}},
  booktitle = {{Proceedings of the conference where the paper was presented}},
  pages     = {875-890},
  year      = {2017},
  doi       = {10.1145/3133956.3134058},
}

@inproceedings{kopf2012automatic,
  author    = {Boris Köpf and Laurent Mauborgne and Martín Ochoa},
  title     = {{Automatic Quantification of Cache Side-Channels}},
  booktitle = {{International Conference on Computer-aided Verification}},
  year      = {2012},
}
@inproceedings{rodrigues2016sparse,
  author    = {Bruno Rodrigues and Fernando Magno Quintão Pereira and Diego F. Aranha},
  title     = {{Sparse Representation of Implicit Flows with Applications to Side-channel Detection}},
  booktitle = {{Proceedings of the 25th International Conference on Compiler Construction (CC 2016)}},
  year      = {2016},
  pages     = {110–120},
}

@inproceedings{zhang2012languagebased,
  author    = {Danfeng Zhang and Aslan Askarov and Andrew C. Myers},
  title     = {{Language-based Control and Mitigation of Timing Channels}},
  booktitle = {{Proceedings of the 33rd ACM SIGPLAN Conference on Programming Language Design and Implementation (PLDI ’12)}},
  year      = {2012},
  pages     = {99–110},
}

@article{lux2011tool,
  author    = {Alexander Lux and Artem Starostin},
  title     = {{A Tool for Static Detection of Timing Channels in Java}},
  journal   = {{Journal of Cryptographic Engineering}},
  volume    = {1},
  pages     = {303-313},
  year      = {2011},
  doi       = {10.1007/s13389-011-0021-z},
}

@article{akram2020sherlock,
  author    = {Ayaz Akram and Maria Mushtaq and Muhammad Bhatti and Vianney Lapotre and Guy Gogniat},
  title     = {{Meet the Sherlock Holmes’ of Side Channel Leakage: A Survey of Cache SCA Detection Techniques}},
  journal   = {{IEEE Access}},
  pages     = {1-1},
  year      = {2020},
  doi       = {10.1109/ACCESS.2020.2980522},
}

@article{szefer2019survey,
  author    = {Jakub Szefer},
  title     = {{Survey of Microarchitectural Side and Covert Channels, Attacks, and Defenses}},
  journal   = {{Journal of Hardware and Systems Security}},
  volume    = {3},
  year      = {2019},
  doi       = {10.1007/s41635-018-0046-1},
}

@inproceedings{bang2016string,
  author    = {Lucas Bang and Abdulbaki Aydin and Quoc-Sang Phan and Corina
Pasareanu and Tevfik Bultan},
  title     = {{String Analysis for Side Channels with Segmented Oracles}},
  booktitle = {{Proceedings of the 2016 24th ACM SIGSOFT International Symposium on Foundations of Software Engineering (FSE 2016)}},
  year      = {2016},
  pages     = {193–204},
}

@inproceedings{pasareanu2016multi,
  author    = {Corina Pasareanu and Quoc-Sang Phan and Pasquale Malacaria},
  title     = {{Multi-Run Side-Channel Analysis Using Symbolic Execution and Max-SMT}},
  booktitle = {{Computer Security Foundations Symposium}},
  year      = {2016},
}

@article{yavuz2022encider,
  author    = {T. Yavuz and F. Fowze and G. Hernandez and K. Y. Bai and K. R. Butler and D. J. Tian},
  title     = {{ENCIDER: Detecting Timing and Cache Side Channels in SGX Enclaves and Cryptographic APIs}},
  journal   = {{IEEE Transactions on Dependable and Secure Computing}},
  year      = {2022},
}

@inproceedings{brennan2018symbolic,
  author    = {Tegan Brennan and Seemanta Saha and Tevfik Bultan and Corina Pasareanu},
  title     = {{Symbolic Path Cost Analysis for Side-Channel Detection}},
  booktitle = {{ISSTA}},
  year      = {2018},
}

@inproceedings{brotzman2019casym,
  author    = {Robert Brotzman and Shen Liu and Danfeng Zhang and Gang Tan and Mahmut T. Kandemir},
  title     = {{CaSym: Cache Aware Symbolic Execution for Side Channel Detection and Mitigation}},
  booktitle = {{S\&P}},
  year      = {2019},
}

@article{chattopadhyay2018symbolic,
  author    = {S. Chattopadhyay and A. Roychoudhury},
  title     = {{Symbolic Verification of Cache Side-Channel Freedom}},
  journal   = {{Transactions on Computer-Aided Design of Integrated Circuits and Systems}},
  year      = {2018},
}

@inproceedings{sung2018canal,
  author    = {Chungha Sung and Brandon Paulsen and Chao Wang},
  title     = {{CANAL: A Cache Timing Analysis Framework via LLVM Transformation}},
  booktitle = {{ASE}},
  year      = {2018},
}

@inproceedings{kaufmann2016constanttime,
  author    = {T. Kaufmann and H. Pelletier and S. Vaudenay and K. Villegas},
  title     = {{When constant-time source yields variable-time binary: Exploiting curve25519-donna built with MSVC 2015}},
  booktitle = {{Proceedings of the Cryptology and Network Security Conference (CANS)}},
  year      = {2016},
}

@manual{armv8m_ref_manual,
  title = {Armv8-M Architecture Reference Manual},
  author = {{Arm Limited or its affiliates}},
  year = {2021},
}

@techreport{networkX,
  author = {Hagberg, Aric and Swart, Pieter and Chult, Daniel S.},
  title = {Exploring Network Structure, Dynamics, and Function using NetworkX},
  institution = {Technical Report},
  year = {2008},
  pages = {11--15},
}

@inproceedings{kuznetsov2012efficient,
  author    = {V. Kuznetsov and J. Kinder and S. Bucur and G. Candea},
  title     = {Efficient State Merging in Symbolic Execution},
  booktitle = {PLDI},
  year      = {2012},
  pages     = {193--204},
  publisher = {ACM},
}
@article{baldoni2018survey,
  author    = {R. Baldoni and E. Coppa and D. C. D’Elia and C. Demetrescu and I. Finocchi},
  title     = {A Survey of Symbolic Execution Techniques},
  journal   = {ACM Computing Surveys (CSUR)},
  volume    = {51},
  number    = {3},
  year      = {2018},
  pages     = {50:1--50:39},
}
@article{li2013steering,
  author    = {Y. Li and Z. Su and L. Wang and X. Li},
  title     = {Steering Symbolic Execution to Less Traveled Paths},
  journal   = {SIGPLAN Notices},
  volume    = {48},
  number    = {10},
  year      = {2013},
  month     = {Oct},
  pages     = {19--32},
  issn      = {0362-1340},
}

@article{maene:hardware,
    author={P. Maene and J. G\"otzfried and R. de Clercq and T. M\"ullerand F. Freiling and I. Verbauwhede},
    journal={IEEE Transactions on Computers},
    title={Hardware-Based Trusted Computing Architectures for Isolation and Attestation},
    year={2017},
    publisher={IEEE},
    number={99},
}

@inproceedings{abate2019journey,
  title={Journey beyond full abstraction: Exploring robust property preservation for secure compilation},
  author={Abate, Carmine and Blanco, Roberto and Garg, Deepak and Hritcu, Catalin and Patrignani, Marco and Thibault, J{\'e}r{\'e}my},
  booktitle={2019 IEEE 32nd Computer Security Foundations Symposium (CSF)},
  pages={256--25615},
  year={2019},
  organization={IEEE}
}

@inproceedings{muehlber_smart_meter,
 title       = "An Implementation of a High Assurance Smart Meter
                using Protected Module Architectures",
 author      = {M{\"u}hlberg, Jan Tobias and Cleemput, Sara and Mustafa, A.
                Mustafa and Van Bulck, Jo and Preneel, Bart and
                Piessens, Frank},
 booktitle   = "WISTP '16",
 series      = "LNCS",
 volume = 9895,
 pages = {53--69},
 year        = 2016,
 publisher   = "Springer",
 address     = "Heidelberg",
}

@mastersthesis{scopelliti2020thesis,
  title     = {Securing Smart Environments with Authentic Execution},
  author    = {Scopelliti, Gianluca},
  school    = {Politecnico Di Torino},
  note      = {\url{https://distrinet.cs.kuleuven.be/software/sancus/publications/scopelliti2020.pdf}},
  year      = {2020}
}

@inproceedings{noorman:authentic-execution,
 title       = "Authentic Execution of Distributed Event-Driven
   Applications with a Small {TCB}",
 author      = "Job Noorman
                and Jan Tobias M{\"u}hlberg
                and Frank Piessens",
 booktitle   = "STM '17",
 year        = 2017,
 series      = "LNCS",
 publisher   = "Springer",
 address     = "Heidelberg",
}
@inproceedings{muehlber_2018tutorial_enclaves,
  title = {Tutorial:
                  Building Distributed Enclave Applications with
                  {Sancus} and {SGX}},
  author = {M{\"u}hlberg, Jan Tobias and Van Bulck, Jo},
  booktitle = {DSN '18},
  year = {2018},
  publisher = {IEEE},
}
@inproceedings{pma,
    author = {Strackx, Raoul and Noorman, Job and Verbauwhede, Ingrid and Preneel, Bart and Piessens, Frank},
    title = {Protected software module architectures},
    booktitle = {ISSE 2013 Securing Electronic Business Processes},
    year = {2013},
    pages = {241--251},
    publisher = {Springer}
}
@article{noorman_sancus2,
 title       = "Sancus 2.0: {A} Low-Cost Security Architecture for {I}o{T}
                Devices",
 author      = "Job Noorman
                and Van Bulck, Jo
                and Jan Tobias M{\"u}hlberg
                and Frank Piessens
                and Pieter Maene
                and Bart Preneel
                and Ingrid Verbauwhede
                and Johannes G{\"o}tzfried
                and Tilo M{\"u}ller
                and Felix Freiling",
 journal    = "ACM Transactions on Privacy and Security (TOPS)",
 pages      = {7:1--7:33},
 year       = 2017,
 volume     = 20,
 issue      = 3,
 publisher  = {ACM},
}

@inproceedings{raghavan_computational_2016,
        address = {San Jose California USA},
        title = {Computational {Agroecology}: {Sustainable} {Food} {Ecosystem} {Design}},
        isbn = {978-1-4503-4082-3},
        shorttitle = {Computational {Agroecology}},
        url = {https://dl.acm.org/doi/10.1145/2851581.2892577},
        doi = {10.1145/2851581.2892577},
        language = {en},
        urldate = {2022-04-04},
        booktitle = {Proceedings of the 2016 {CHI} {Conference} {Extended} {Abstracts} on {Human} {Factors} in {Computing} {Systems}},
        publisher = {ACM},
        author = {Raghavan, Barath and Nardi, Bonnie and Lovell, Sarah T. and Norton, Juliet and Tomlinson, Bill and Patterson, Donald J.},
        month = may,
        year = {2016},
        pages = {423--435},
}
@article{streed_how_2021,
        title = {How {Sustainable} is the {Smart} {Farm}?},
        url = {https://limits.pubpub.org/pub/z0luwkbp/release/1},
        doi = {10.21428/bf6fb269.f2d0adaf},
        language = {en},
        urldate = {2022-03-22},
        journal = {Workshop on Computing within Limits},
        author = {Streed, Adam and Kantar, Michael and Tomlinson, Bill and Raghavan, Barath},
        month = jun,
        year = {2021},
}

@inproceedings{dolev-yao,
 author = {Dolev, D. and Yao, A. C.},
 title = {On the Security of Public Key Protocols},
 booktitle = {SFCS},
 year = {1981},
 pages = {350--357},
publisher = {IEEE}
}

@inproceedings{alder_2021_aion,
  title        = {Aion: {E}nabling {O}pen {S}ystems through {S}trong {A}vailability {G}uarantees for {E}nclaves},
  author       = {Alder, Fritz and Van Bulck, Jo and Piessens, Frank and M{\"u}hlberg, Jan Tobias},
  year         = 2021,
  booktitle    = {CCS '21},
  publisher    = {ACM},
  address      = {Seoul, South Korea}
}
